<record><leader>00000cas a22000007a 4500</leader><controlfield tag="001">15153793</controlfield><controlfield tag="008">870205d18901897iauwr ne      0    0eng d</controlfield><datafield ind1=" " ind2=" " tag="010"><subfield code="a">sn 87058004 </subfield></datafield><datafield ind1=" " ind2=" " tag="040"><subfield code="a">INP</subfield><subfield code="b">eng</subfield><subfield code="c">INP</subfield><subfield code="d">OCLCQ</subfield></datafield><datafield ind1=" " ind2=" " tag="042"><subfield code="a">msc</subfield></datafield><datafield ind1="0" ind2="0" tag="245"><subfield code="a">Weekly state line Democrat.</subfield></datafield><datafield ind1="3" ind2="0" tag="246"><subfield code="a">State line Democrat</subfield></datafield><datafield ind1=" " ind2=" " tag="260"><subfield code="a">Keosauqua, Iowa :</subfield><subfield code="b">Geo. F. Smith,</subfield><subfield code="c">-1897.</subfield></datafield><datafield ind1=" " ind2=" " tag="300"><subfield code="a">v. :</subfield><subfield code="b">ill.</subfield></datafield><datafield ind1=" " ind2=" " tag="310"><subfield code="a">Weekly</subfield></datafield><datafield ind1="1" ind2=" " tag="362"><subfield code="a">Began in 1890?</subfield><subfield code="z">Cf. Bibl. of Iowa newspapers.</subfield></datafield><datafield ind1="0" ind2=" " tag="362"><subfield code="a">-Sept. 16, 1897.</subfield></datafield><datafield ind1=" " ind2=" " tag="500"><subfield code="a">Publisher varies.</subfield></datafield><datafield ind1=" " ind2=" " tag="588"><subfield code="a">Description based on: Vol. 24, no. 52 (Mar. 29, 1891).</subfield></datafield><datafield ind1=" " ind2=" " tag="752"><subfield code="a">United States</subfield><subfield code="b">Iowa</subfield><subfield code="c">Van Buren</subfield><subfield code="d">Keosauqua.</subfield></datafield><datafield ind1="0" ind2="0" tag="780"><subfield code="t">Van Buren Democrat</subfield><subfield code="w">(DLC)sn 84038058</subfield></datafield><datafield ind1="0" ind2="0" tag="785"><subfield code="t">State line Democrat (Keosauqua, Iowa)</subfield><subfield code="w">(DLC)sn 87058005</subfield></datafield></record>